@Book{iverson1962,
  author    = {Kenneth E.\ Iverson},
  title     = {A Programming Language},
  publisher = {John Wiley \oldamp\ Sons},
  year      = {1962}
}

@Article{ieee754,
  author = {IEEE Computer Society},
  journal={IEEE Std.\ 754-2008},
  title = {{IEEE Standard for Floating-Point Arithmetic}},
  year = {2008}
}

@Article{claessen2012,
  author = {Koen Claessen and Mary Sheeran and Bo J.\ Svensson},
  journal={DAMP'12: Proceedings of the 7th workshop on declarative aspects and applications of multicore programming},
  title = {{Expressive Array Constructs in an Embedded GPU Kernel Programming Language}},
  publisher = {ACM},
  year = {2012}
}

@Article{guibas1978,
  author = {Leo J. Guibas and Douglas K.\ Wyatt},
  journal={POPL '78 Proceedings of the 5th ACM SIGACT-SIGPLAN symposium on Principles of programming languages},
  title = {{Compilation and Delayed Evaluation in APL}},
  publisher = {ACM},
  year = {1978}
}

@Misc{dyalogcom,
      author = "Dyalog Ltd.",
      title = "Dyalog Website",
      month = "June",
      year = "2013",
      url = "http://www.dyalog.com/"
}

@Misc{jsoftwarecom,
      author = "Jsoftware Inc.",
      title = "Jsoftware Website",
      month = "June",
      year = "2013",
      url = "http://www.jsoftware.com/"
}

@Misc{javacup,
      author = "Scott Hudson and Frank Flannery and C. Scott Ananian",
      title = "{CUP -- LALR Parser Generator in Java}",
      month = "June",
      year = "2013",
      url = "http://www2.cs.tum.edu/projects/cup/"
}

@Misc{jflex,
      author = "Gerwin Klein",
      title = "{JFlex -- The Fast Scanner Generator for Java}",
      month = "June",
      year = "2013",
      url = "http://jflex.de/"
}

@Misc{bcel,
      author = "Apache Commons",
      title = "{The Byte Code Engineering Library}",
      month = "June",
      year = "2013",
      url = "http://commons.apache.org/proper/commons-bcel/"
}

@Misc{patentapp,
      author = "Rasmus Borgsmidt and Michael Gould",
      title = "{Patent Application: Enterprise performance management software system having dynamic code generation}",
      month = "October",
      year = "2006",
      url = "http://www.google.com/patents/US20080092115"
}


@Book{gkp1989,
  author    = {Ronald L. Graham and Donald E. Knuth and Oren Patashnik},
  title     = {Concrete Mathematics},
  edition   = {Second},
  publisher = {Addison-Wesley Publishing Company},
  year      = {1994}
}

@InCollection{mogensen2010,
  author    = {Torben \AE. Mogensen},
  title     = {Nogle programmeringssprog er mere lige end andre},
  booktitle = {Den digitale revolution},
  pages     = {50--63},
  publisher = {Datalogisk Institut, KÃ¸benhavns Universitet (DIKU)},
  year      = {2010}
}

@Book{mogensen2011,
  author    = {Torben \AE. Mogensen},
  title     = {Introduction to Compiler Design},
  publisher = {Springer Verlag London Ltd.},
  year      = {2011}
}

@Book{tate2010,
  author    = {Bruce A. Tate},
  title     = {Seven Languages in Seven Weeks},
  publisher = {Pragmatic Programmers, LLC.},
  year      = {2010}
}

@Book{parr2010,
  author    = {Terence Parr},
  title     = {Language Implementation Patterns},
  publisher = {Pragmatic Programmers LLC.},
  year      = {2010}
}

@Book{scott2009,
  author    = {Michael L. Scott},
  title     = {Programming Language Pragmatics},
  edition   = {Third},
  publisher = {Elsevier Inc.},
  year      = {2009}
}

@Book{hr1999,
  author = {Michael R. Hansen and Hans Rischel},
  title = {Introduction to Programming Using SML},
  publisher = {Addison Wesley},
  year = {1999}
}
